% Foundational MDP and Bellman work
@book{bellman1957,
  title={Dynamic Programming},
  author={Bellman, Richard},
  year={1957},
  publisher={Princeton University Press},
  address={Princeton, NJ}
}

% The definitive RL textbook
@book{sutton2018reinforcement,
  title={Reinforcement Learning: An Introduction},
  author={Sutton, Richard S. and Barto, Andrew G.},
  year={2018},
  edition={2nd},
  publisher={MIT Press},
  address={Cambridge, MA}
}

% Comprehensive MDP reference
@book{puterman2014markov,
  title={Markov Decision Processes: Discrete Stochastic Dynamic Programming},
  author={Puterman, Martin L.},
  year={2014},
  publisher={John Wiley \& Sons},
  edition={2nd}
}

% Original Q-learning paper
@article{watkins1992q,
  title={Q-learning},
  author={Watkins, Christopher JCH and Dayan, Peter},
  journal={Machine Learning},
  volume={8},
  number={3},
  pages={279--292},
  year={1992},
  publisher={Springer}
}

% Exploration strategies
@article{thrun1992efficient,
  title={Efficient exploration in reinforcement learning},
  author={Thrun, Sebastian B.},
  journal={Technical Report},
  year={1992},
  institution={Carnegie Mellon University, School of Computer Science}
}

% UCB exploration
@article{auer2002finite,
  title={Finite-time analysis of the multiarmed bandit problem},
  author={Auer, Peter and Cesa-Bianchi, Nicol{\`o} and Fischer, Paul},
  journal={Machine Learning},
  volume={47},
  number={2},
  pages={235--256},
  year={2002},
  publisher={Springer}
}

% Thompson sampling
@article{thompson1933likelihood,
  title={On the likelihood that one unknown probability exceeds another in view of the evidence of two samples},
  author={Thompson, William R.},
  journal={Biometrika},
  volume={25},
  number={3/4},
  pages={285--294},
  year={1933},
  publisher={JSTOR}
}

% Gymnasium (current version)
@misc{gymnasium2023,
  title={Gymnasium},
  author={{Farama Foundation}},
  year={2023},
  url={https://gymnasium.farama.org/},
  note={Accessed: August 2025}
}

% Educational RL examples (you may need to find real sources for these)
@inproceedings{holmesParker2017,
  title={Interactive visualization for reinforcement learning education},
  author={Holmes, Michael and Parker, Sarah},
  booktitle={Proceedings of the Educational Technology Conference},
  pages={123--134},
  year={2017},
  note={Example citation - replace with actual source}
}

@article{smith2019interactive,
  title={Browser-based machine learning education tools},
  author={Smith, John and Wilson, Lisa},
  journal={Journal of Educational Technology},
  volume={15},
  number={2},
  pages={45--62},
  year={2019},
  note={Example citation - replace with actual source}
}

@article{johnson2020barriers,
  title={Barriers to reinforcement learning education in computer science curricula},
  author={Johnson, Amanda and Lee, David},
  journal={Computer Science Education},
  volume={30},
  number={4},
  pages={401--420},
  year={2020},
  note={Example citation - replace with actual source}
}

@inproceedings{brown2021accessible,
  title={Accessible reinforcement learning environments for educational purposes},
  author={Brown, Jennifer and Davis, Robert},
  booktitle={International Conference on AI Education},
  pages={78--89},
  year={2021},
  note={Example citation - replace with actual source}
}

% Additional real sources you could use:

% Classic RL survey
@article{kaelbling1996reinforcement,
  title={Reinforcement learning: A survey},
  author={Kaelbling, Leslie Pack and Littman, Michael L. and Moore, Andrew W.},
  journal={Journal of Artificial Intelligence Research},
  volume={4},
  pages={237--285},
  year={1996}
}

% Educational technology in CS
@article{maloney2010scratch,
  title={The Scratch programming language and environment},
  author={Maloney, John and Resnick, Mitchel and Rusk, Natalie and Silverman, Brian and Eastmond, Evelyn},
  journal={ACM Transactions on Computing Education},
  volume={10},
  number={4},
  pages={1--15},
  year={2010},
  publisher={ACM}
}

% Web-based educational tools
@article{bau2017learnable,
  title={Learnable programming: Blocks and beyond},
  author={Bau, David and Gray, Jeff and Kelleher, Caitlin and Sheldon, Josh and Turbak, Franklyn},
  journal={Communications of the ACM},
  volume={60},
  number={6},
  pages={72--80},
  year={2017},
  publisher={ACM}
}

% RL in game environments
@article{mnih2015human,
  title={Human-level control through deep reinforcement learning},
  author={Mnih, Volodymyr and Kavukcuoglu, Koray and Silver, David and others},
  journal={Nature},
  volume={518},
  number={7540},
  pages={529--533},
  year={2015},
  publisher={Nature Publishing Group}
}

% Educational games and simulations
@article{gee2003video,
  title={What video games have to teach us about learning and literacy},
  author={Gee, James Paul},
  journal={Computers in Entertainment},
  volume={1},
  number={1},
  pages={20--20},
  year={2003},
  publisher={ACM}
}

@misc{gymnasium,
  title={Gymnasium},
  author={Farama Foundation},
  year={2023},
  url={https://gymnasium.farama.org/},
  note={Accessed: 2025}
}